% Encoding: UTF-8

@book{Knuth1998,
 author = {Knuth, Donald E.},
 title = {The art of computer programming,  volume 3: (2nd ed.) sorting and searching},
 year = {1998},
 publisher = {Addison Wesley Longman Publishing Co., Inc.},
 address = {Redwood City, CA, USA}
}

@book{Pollefliet2011,
  author = {Pollefliet, Leen},
  title = {Schrijven van verslag tot eindwerk: do's en don'ts},
  year = {2011},
  publisher = {Academia Press},
  address = {Gent}
}

@article{Creeger2009,
  author = {Creeger, Mache},
  journal = {Communications of the ACM},
  number = {8},
  pages = {50--56},
  title = {{CTO Roundtable: Cloud Computing}},
  volume = {52},
  year = {2009}
}

@Article{Guo_2022,
  author       = {Guo, Jinkang and Lv, Zhihan},
  date         = {2022-02},
  journaltitle = {Multimedia Tools and Applications},
  title        = {Application of Digital Twins in multiple fields},
  doi          = {10.1007/s11042-022-12536-5},
  issn         = {1573-7721},
  number       = {19},
  pages        = {26941--26967},
  volume       = {81},
  publisher    = {Springer Science and Business Media LLC},
}

@WWW{China2023,
  author       = {Chrystal R. China},
  date         = {2023-06-29},
  title        = {Digital twin vs. digital thread: Two complementary ways to digitally replicate assets},
  url          = {https://www.ibm.com/blog/digital-thread-vs-digital-twin/},
  organization = {IBM},
}

@Comment{jabref-meta: databaseType:biblatex;}
